<record><leader>00000cas a22000007a 4500</leader><controlfield tag="001">20980287</controlfield><controlfield tag="008">900131d18961906moudn ne      0    0eng d</controlfield><datafield ind1=" " ind2=" " tag="010"><subfield code="a">sn 90061080 </subfield></datafield><datafield ind1=" " ind2=" " tag="040"><subfield code="a">MQN</subfield><subfield code="b">eng</subfield><subfield code="c">MQN</subfield><subfield code="d">OCLCQ</subfield></datafield><datafield ind1=" " ind2=" " tag="042"><subfield code="a">msc</subfield></datafield><datafield ind1="0" ind2="0" tag="245"><subfield code="a">Sedalia evening sentinel.</subfield></datafield><datafield ind1="3" ind2="0" tag="246"><subfield code="a">Sedalia sentinel</subfield></datafield><datafield ind1="3" ind2="0" tag="246"><subfield code="a">Sedalia Sunday sentinel</subfield></datafield><datafield ind1=" " ind2=" " tag="260"><subfield code="a">Sedalia, Mo. :</subfield><subfield code="b">C.J. Walden, T.J. Lingle,</subfield><subfield code="c">1896-1906.</subfield></datafield><datafield ind1=" " ind2=" " tag="300"><subfield code="a">v.</subfield></datafield><datafield ind1=" " ind2=" " tag="310"><subfield code="a">Daily (except Sat.)</subfield></datafield><datafield ind1=" " ind2=" " tag="321"><subfield code="a">Daily (except Sun.)</subfield></datafield><datafield ind1="0" ind2=" " tag="362"><subfield code="a">Vol. 1, no. 158 (June 5, 1896)-v. 25, no. 85 (May 17, 1906).</subfield></datafield><datafield ind1=" " ind2=" " tag="500"><subfield code="a">Published as: Sedalia sentinel, Mar. 27-Oct. 21, 1900.</subfield></datafield><datafield ind1=" " ind2=" " tag="500"><subfield code="a">Sunday edition published as Sedalia Sunday sentinel, Oct. 27, 1900-May 13, 1906.</subfield></datafield><datafield ind1=" " ind2="4" tag="651"><subfield code="a">Sedalia (Mo.)</subfield><subfield code="v">Newspapers.</subfield></datafield><datafield ind1=" " ind2=" " tag="752"><subfield code="a">United States</subfield><subfield code="b">Missouri</subfield><subfield code="c">Pettis</subfield><subfield code="d">Sedalia.</subfield></datafield><datafield ind1="0" ind2=" " tag="775"><subfield code="t">Sedalia weekly sentinel</subfield><subfield code="w">(DLC)sn 90061086</subfield></datafield><datafield ind1="0" ind2="0" tag="780"><subfield code="t">Evening star-sentinel (Sedalia, Mo.)</subfield><subfield code="w">(DLC)sn 90061084</subfield></datafield><datafield ind1="0" ind2="0" tag="785"><subfield code="t">Sedalia sentinel (Sedalia, Mo. : Daily)</subfield><subfield code="w">(DLC)sn 93059995</subfield></datafield><datafield ind1="1" ind2=" " tag="029"><subfield code="a">AU@</subfield><subfield code="b">000020592424</subfield></datafield></record>